<?xml version="1.0" encoding="UTF-8"?><collection xmlns="http://www.loc.gov/MARC21/slim"><record><leader>00430nam--2200157-i-4500</leader><controlfield tag="001">000015845</controlfield><controlfield tag="002">20161230</controlfield><controlfield tag="005">20170220010413</controlfield><controlfield tag="008">060222s1000------------r-----000-0-eng-d</controlfield><datafield ind1=" " ind2=" " tag="245"><subfield code="a">Global analysis-studies and applications I</subfield></datafield><datafield ind1=" " ind2=" " tag="260"><subfield code="a">Berlin</subfield><subfield code="b">Springer-Verlag</subfield><subfield code="c">1984</subfield></datafield><datafield ind1=" " ind2=" " tag="300"><subfield code="a">301 p</subfield></datafield><datafield ind1=" " ind2=" " tag="490"><subfield code="a">Lecture Notes In Mathematics</subfield><subfield code="v">Vol.1108</subfield></datafield><datafield ind1=" " ind2=" " tag="700"><subfield code="a">Borisovich, Yu. G</subfield></datafield><datafield ind1=" " ind2=" " tag="852"><subfield code="a">73859</subfield><subfield code="c">517</subfield></datafield><datafield ind1=" " ind2=" " tag="CAT"><subfield code="a">SYS</subfield><subfield code="c">20170220</subfield><subfield code="h">010413</subfield></datafield></record></collection>